
@misc{websockets,
  title={{WebSockets - MDN}},
  howpublished = "\url{https://developer.mozilla.org/en-US/docs/Web/API/WebSockets_API}",
}